@article{wassa2017,
author = {Saif M. Mohammad and Felipe Bravo-Marquez},
title = {WASSA-2017 Shared Task on Emotion Intensity},
year = {2017},
}

@article{ims,
author = {Maximilian Köper and Evgeny Kim and Roman Klinger},
title = {IMS at EmoInt-2017: Emotion Intensity Prediction with Affective Norms, Automatically Extended Resources and Deep Learning},
year = {2017},
}

@article{seernet,
author = {Venkatesh Duppada and Sushant Hiray},
title = {Seernet at EmoInt-2017: Tweet Emotion Intensity Estimator},
year = {2017},
}


@article{prayas,
author = {Pranav Goel and Devang Kulshreshtha and Prayas Jain and K.K. Shukla},
title = {Prayas at EmoInt 2017: An Ensemble of Deep Neural Architectures for Emotion Intensity Prediction in Tweets},
year = {2017},
}

@book{speech,
 author = {Daniel Jurafsky and James H. Martin},
 title = {Speech and Language Processing: An Introduction to Natural Language Processing, Computational Linguistics, and Speech Recognition, 3rd edition draft},
 year = {2017},
 pages = {277-278},
}

@article{chung,
author = {Junyoung Chung and Caglar Gulcehre and KyungHyun Cho and Yoshua Bengio},
title = {Empirical Evaluation of Gated Recurrent Neural Networks on Sequence Modeling},
year = {2014},
}

@article{mikolov,
author = {Tomas Mikolov and Ilya Sutskever and Kai Chen and Greg Corrado and Jeffrey Dean},
title = {Distributed Representations of Words and Phrases and their Compositionality},
year = "2014",
}

@article{godin,
author = {Fréderic Godin and Baptist Vandersmissen and Wesley De Neve and Rik Van de Walle},
title = {Multimedia Lab @ ACL W-NUT NER Shared Task: Named Entity Recognition for Twitter Microposts using Distributed Word Representations},
year = "2015",
}

@proceedings {proceedings,
  title = {8th Workshop on Computational Approaches to Subjectivity, Sentiment and Social Media Analysis WASSA 2017},
year = 2017,
address = {Copenhagen, Denmark},
month = 9,
organization = {The Association for Computational Linguistics},
}

@inbook{deeplearning,
    title={Deep Learning},
    author={Ian Goodfellow and Yoshua Bengio and Aaron Courville},
    publisher={MIT Press},
    note={\url{http://www.deeplearningbook.org}},
    year={2016},
    pages = {373-374}
}

@misc{codalab,
  title = {{SemEval-2018 Task 1}},
  howpublished = {\url{https://competitions.codalab.org/competitions/17751}},
  year = {2018}
}
